@article{crawley2007write,
  title={How to Write a Research Proposal and Succeed},
  author={Crawley, Gerard M and O'Sullivan, Eoin},
  year={2007},
  publisher={World Scientific}
}

@article{puasuareanu2009survey,
  title={A survey of new trends in symbolic execution for software testing and analysis},
  author={P{\u{a}}s{\u{a}}reanu, Corina S and Visser, Willem},
  journal={International journal on software tools for technology transfer},
  volume={11},
  number={4},
  pages={339--353},
  year={2009},
  publisher={Springer}
}

@InProceedings{MathewAndMalathy,
  author={Mathew, Geethu Elizebeth and Malathy, G.},
  title={Direction based heuristic for pathfinding in video games},
  booktitle={2015 2nd International Conference on Electronics and Communication Systems (ICECS)},
  year={2015},
  pages={1651-1657},
  publisher={IEEE},
  doi={10.1109/ECS.2015.7124867}
}

@article{ACMHindawi,
  author={Algfoor, Zeyad Abd and Sunar, Mohd Shahrizal and Kolivand, Hoshang},
  title={A Comprehensive Study on Pathfinding Techniques for Robotics and Video Games},
  journal={Int. J. Comput. Games Technol.},
  year={2015},
  volume={2015},
  month={jan},
  doi={10.1155/2015/736138},
  issn={1687-7047}
}

@article{arXivMAPF,
  author={Roni Stern and Nathan R. Sturtevant and Ariel Felner and Sven Koenig and Hang Ma and Thayne T. Walker and Jiaoyang Li and Dor Atzmon and Liron Cohen and T. K. Satish Kumar and Eli Boyarski and Roman Bart{\'{a}}k},
  title={Multi-Agent Pathfinding: Definitions, Variants, and Benchmarks},
  journal={CoRR},
  year={2019},
  volume={abs/1906.08291},
  eprint={1906.08291}
}
